<?xml version="1.0" encoding="UTF-8"?><collection xmlns="http://www.loc.gov/MARC21/slim"><record><leader>00424nam--2200133-i-4500</leader><controlfield tag="001">000040958</controlfield><controlfield tag="002">20161230</controlfield><controlfield tag="005">20161230201042</controlfield><controlfield tag="008">060222s1000------------r-----000-0-eng-d</controlfield><datafield ind1=" " ind2=" " tag="080"><subfield code="a">007</subfield></datafield><datafield ind1=" " ind2=" " tag="245"><subfield code="a">Scientometric indicators. a32-country comparative evaluation of publishing performance and citation impact</subfield></datafield><datafield ind1=" " ind2=" " tag="260"><subfield code="a">Singapore, World Scientific, 1985. 424 P</subfield></datafield><datafield ind1=" " ind2=" " tag="700"><subfield code="a">Tibor Braun, Wolfgang Glanzel,Andras</subfield></datafield><datafield ind1=" " ind2=" " tag="852"><subfield code="a">79885</subfield></datafield></record></collection>